<record xmlns="http://www.loc.gov/MARC21/slim" xmlns:xsi="http://www.w3.org/2001/XMLSchema-instance" xsi:schemaLocation="http://www.loc.gov/MARC21/slim http://www.loc.gov/standards/marcxml/schema/MARC21slim.xsd"><leader>00037nz   2200037n  4500</leader><controlfield tag="001">DNB|100952976</controlfield><controlfield tag="003">DNB</controlfield><controlfield tag="005">20080405164924.0</controlfield><controlfield tag="008">910104n||aznnnabbn           | aaa    |c</controlfield><datafield ind1=" " ind2=" " tag="035"><subfield code="a">(DE-101)100952976</subfield></datafield><datafield ind1=" " ind2=" " tag="035"><subfield code="a">(DE-588a)100952976</subfield></datafield><datafield ind1=" " ind2=" " tag="040"><subfield code="a">DE-12</subfield><subfield code="b">ger</subfield><subfield code="c">DE-101</subfield><subfield code="e">rakwb</subfield><subfield code="d">9999</subfield></datafield><datafield ind1=" " ind2=" " tag="079"><subfield code="a">p</subfield><subfield code="q">f</subfield><subfield code="q">n</subfield><subfield code="t">12-PMA</subfield></datafield><datafield ind1="0" ind2=" " tag="100"><subfield code="a">Marianus</subfield><subfield code="c">Scholasticus</subfield><subfield code="d">fl.um 566 n. Chr.</subfield></datafield><datafield ind1="0" ind2=" " tag="400"><subfield code="a">Marianos</subfield><subfield code="c">Scholastikos</subfield><subfield code="d">fl.um 566 n. Chr.</subfield></datafield><datafield ind1="1" ind2=" " tag="400"><subfield code="a">Scholasticus, Marianus</subfield><subfield code="d">fl.um 566 n. Chr.</subfield></datafield><datafield ind1="0" ind2=" " tag="400"><subfield code="a">Marianos</subfield><subfield code="d">fl.um 566 n. Chr.</subfield></datafield><datafield ind1="0" ind2=" " tag="400"><subfield code="a">Marianus</subfield><subfield code="c">Epigrammaticus</subfield><subfield code="d">fl.um 566 n. Chr.</subfield></datafield><datafield ind1="0" ind2=" " tag="400"><subfield code="a">Marianos</subfield><subfield code="c">Epigrammatiker</subfield><subfield code="d">fl.um 566 n. Chr.</subfield></datafield><datafield ind1="0" ind2=" " tag="400"><subfield code="a">Mariano</subfield><subfield code="c">Autore di Parafrasi in Giambi</subfield><subfield code="d">fl.um 566 n. Chr.</subfield></datafield><datafield ind1="0" ind2=" " tag="400"><subfield code="a">Marianus</subfield><subfield code="c">Verfasser von Iambischen Paraphrasen</subfield><subfield code="d">fl.um 566 n. Chr.</subfield></datafield><datafield ind1=" " ind2=" " tag="549"><subfield code="w">i</subfield><subfield code="i">Zeit</subfield><subfield code="a">um 566 n. Chr.</subfield></datafield><datafield ind1=" " ind2=" " tag="670"><subfield code="a">Tusculum-Lexikon</subfield></datafield><datafield ind1=" " ind2=" " tag="678"><subfield code="a">Epigrammatiker des Agathias-Kyklos</subfield></datafield><datafield ind1=" " ind2=" " tag="996"><subfield code="2">LC|n  87944047</subfield></datafield><datafield ind1=" " ind2=" " tag="996"><subfield code="2">BAV|ADV11437485</subfield></datafield><datafield ind1=" " ind2=" " tag="996"><subfield code="2">BAV|ADV10045852</subfield></datafield><datafield ind1=" " ind2=" " tag="996"><subfield code="2">LC|nr 88001820</subfield></datafield><datafield ind1=" " ind2=" " tag="996"><subfield code="2">LC|nr 98012077</subfield></datafield><datafield ind1=" " ind2=" " tag="996"><subfield code="2">BAV|ADV11834114</subfield></datafield><datafield ind1=" " ind2=" " tag="996"><subfield code="2">LC|n  80153602</subfield></datafield><datafield ind1=" " ind2=" " tag="996"><subfield code="2">LC|no 99056214</subfield></datafield><datafield ind1=" " ind2=" " tag="996"><subfield code="2">RERO|vtls000110466</subfield></datafield><datafield ind1=" " ind2=" " tag="996"><subfield code="2">RERO|vtls000110465</subfield></datafield><datafield ind1=" " ind2=" " tag="996"><subfield code="2">BAV|ADV10015342</subfield></datafield><datafield ind1=" " ind2=" " tag="996"><subfield code="2">PICA|101755694</subfield></datafield><datafield ind1=" " ind2=" " tag="996"><subfield code="2">LC|nr 95020970</subfield></datafield><datafield ind1=" " ind2=" " tag="996"><subfield code="2">LC|n  88026831</subfield></datafield><datafield ind1=" " ind2=" " tag="996"><subfield code="2">RERO|vtls005490296</subfield></datafield><datafield ind1=" " ind2=" " tag="996"><subfield code="2">BNE|XX1074887</subfield></datafield><datafield ind1=" " ind2=" " tag="997"><subfield code="a">566 0 flourished 0 0</subfield><subfield code="9">1</subfield></datafield></record>